@article{Wilczek_2005,
 title={Nobel Lecture: Asymptotic freedom: From paradox to paradigm},
 volume={77},
 ISSN={1539-0756},
 url={http://dx.doi.org/10.1103/RevModPhys.77.857},
 DOI={10.1103/revmodphys.77.857},
 number={3},
 journal={Reviews of Modern Physics},
 publisher={American Physical Society (APS)},
 author={Wilczek, Frank},
 year={2005},
 month={Sep},
 pages={857–870}
}

@article{Marsh_2016,
 title={Axion cosmology},
 volume={643},
 ISSN={0370-1573},
 url={http://dx.doi.org/10.1016/j.physrep.2016.06.005},
 DOI={10.1016/j.physrep.2016.06.005},
 journal={Physics Reports},
 publisher={Elsevier BV},
 author={Marsh, David J.E.},
 year={2016},
 month={Jul},
 pages={1–79}
}

@article{Irastorza_2018,
title={New experimental approaches in the search for axion-like particles}, volume={102},
ISSN={0146-6410},
url={http://dx.doi.org/10.1016/j.ppnp.2018.05.003},
DOI={10.1016/j.ppnp.2018.05.003},
journal={Progress in Particle and Nuclear Physics},
publisher={Elsevier BV},
author={Irastorza, Igor G. and Redondo, Javier},
year={2018},
month={Sep},
pages={89–159}}

@book{Hamilton_2017,
title={Mathematical Gauge Theory: With Applications to the Standard Model of Particle Physics},
author={Hamilton, M.J.D.},
isbn={9783319684390},
series={Universitext},
url={https://books.google.co.nz/books?id=8zVCDwAAQBAJ},
year={2017},
publisher={Springer International Publishing}
}

@article{ParticleDataGroup-review-2020,
    author = {Particle Data Group  and Zyla, P A and Barnett, R M and Beringer, J and Dahl, O and Dwyer, D A and Groom, D E and Lin, C -J and Lugovsky, K S and Pianori, E and Robinson, D J and Wohl, C G and Yao, W -M and Agashe, K and Aielli, G and Allanach, B C and Amsler, C and Antonelli, M and Aschenauer, E C and Asner, D M and Baer, H and Banerjee, Sw and Baudis, L and Bauer, C W and Beatty, J J and Belousov, V I and Bethke, S and Bettini, A and Biebel, O and Black, K M and Blucher, E and Buchmuller, O and Burkert, V and Bychkov, M A and Cahn, R N and Carena, M and Ceccucci, A and Cerri, A and Chakraborty, D and Chivukula, R Sekhar and Cowan, G and D'Ambrosio, G and Damour, T and de Florian, D and de Gouvêa, A and DeGrand, T and de Jong, P and Dissertori, G and Dobrescu, B A and D'Onofrio, M and Doser, M and Drees, M and Dreiner, H K and Eerola, P and Egede, U and Eidelman, S and Ellis, J and Erler, J and Ezhela, V V and Fetscher, W and Fields, B D and Foster, B and Freitas, A and Gallagher, H and Garren, L and Gerber, H -J and Gerbier, G and Gershon, T and Gershtein, Y and Gherghetta, T and Godizov, A A and Gonzalez-Garcia, M C and Goodman, M and Grab, C and Gritsan, A V and Grojean, C and Grünewald, M and Gurtu, A and Gutsche, T and Haber, H E and Hanhart, C and Hashimoto, S and Hayato, Y and Hebecker, A and Heinemeyer, S and Heltsley, B and Hernández-Rey, J J and Hikasa, K and Hisano, J and Höcker, A and Holder, J and Holtkamp, A and Huston, J and Hyodo, T and Johnson, K F and Kado, M and Karliner, M and Katz, U F and Kenzie, M and Khoze, V A and Klein, S R and Klempt, E and Kowalewski, R V and Krauss, F and Kreps, M and Krusche, B and Kwon, Y and Lahav, O and Laiho, J and Lellouch, L P and Lesgourgues, J and Liddle, A R and Ligeti, Z and Lippmann, C and Liss, T M and Littenberg, L and Lourengo, C and Lugovsky, S B and Lusiani, A and Makida, Y and Maltoni, F and Mannel, T and Manohar, A V and Marciano, W J and Masoni, A and Matthews, J and Meißner, U -G and Mikhasenko, M and Miller, D J and Milstead, D and Mitchell, R E and Mönig, K and Molaro, P and Moortgat, F and Moskovic, M and Nakamura, K and Narain, M and Nason, P and Navas, S and Neubert, M and Nevski, P and Nir, Y and Olive, K A and Patrignani, C and Peacock, J A and Petcov, S T and Petrov, V A and Pich, A and Piepke, A and Pomarol, A and Profumo, S and Quadt, A and Rabbertz, K and Rademacker, J and Raffelt, G and Ramani, H and Ramsey-Musolf, M and Ratcliff, B N and Richardson, P and Ringwald, A and Roesler, S and Rolli, S and Romaniouk, A and Rosenberg, L J and Rosner, J L and Rybka, G and Ryskin, M and Ryutin, R A and Sakai, Y and Salam, G P and Sarkar, S and Sauli, F and Schneider, O and Scholberg, K and Schwartz, A J and Schwiening, J and Scott, D and Sharma, V and Sharpe, S R and Shutt, T and Silari, M and Sjöstrand, T and Skands, P and Skwarnicki, T and Smoot, G F and Soffer, A and Sozzi, M S and Spanier, S and Spiering, C and Stahl, A and Stone, S L and Sumino, Y and Sumiyoshi, T and Syphers, M J and Takahashi, F and Tanabashi, M and Tanaka, J and Taševský, M and Terashi, K and Terning, J and Thoma, U and Thorne, R S and Tiator, L and Titov, M and Tkachenko, N P and Tovey, D R and Trabelsi, K and Urquijo, P and Valencia, G and Van de Water, R and Varelas, N and Venanzoni, G and Verde, L and Vincter, M G and Vogel, P and Vogelsang, W and Vogt, A and Vorobyev, V and Wakely, S P and Walkowiak, W and Walter, C W and Wands, D and Wascko, M O and Weinberg, D H and Weinberg, E J and White, M and Wiencke, L R and Willocq, S and Woody, C L and Workman, R L and Yokoyama, M and Yoshida, R and Zanderighi, G and Zeller, G P and Zenin, O V and Zhu, R -Y and Zhu, S -L and Zimmermann, F and Anderson, J and Basaglia, T and Lugovsky, V S and Schaffner, P and Zheng, W},
    title = "{Review of Particle Physics}",
    journal = {Progress of Theoretical and Experimental Physics},
    volume = {2020},
    number = {8},
    year = {2020},
    month = {08},
    abstract = "{The Review summarizes much of particle physics and cosmology. Using data from previous editions, plus 3,324 new measurements from 878 papers, we list, evaluate, and average measured properties of gauge bosons and the recently discovered Higgs boson, leptons, quarks, mesons, and baryons. We summarize searches for hypothetical particles such as supersymmetric particles, heavy bosons, axions, dark photons, etc. Particle properties and search limits are listed in Summary Tables. We give numerous tables, figures, formulae, and reviews of topics such as Higgs Boson Physics, Supersymmetry, Grand Unified Theories, Neutrino Mixing, Dark Energy, Dark Matter, Cosmology, Particle Detectors, Colliders, Probability and Statistics. Among the 120 reviews are many that are new or heavily revised, including a new review on High Energy Soft QCD and Diffraction and one on the Determination of CKM Angles from B Hadrons.The Review is divided into two volumes. Volume 1 includes the Summary Tables and 98 review articles. Volume 2 consists of the Particle Listings and contains also 22 reviews that address specific aspects of the data presented in the Listings.The complete Review (both volumes) is published online on the website of the Particle Data Group (pdg.lbl.gov) and in a journal. Volume 1 is available in print as the PDG Book. A Particle Physics Booklet with the Summary Tables and essential tables, figures, and equations from selected review articles is available in print and as a web version optimized for use on phones as well as an Android app.}",
    issn = {2050-3911},
    doi = {10.1093/ptep/ptaa104},
    url = {https://doi.org/10.1093/ptep/ptaa104},
    note = {083C01},
    eprint = {https://academic.oup.com/ptep/article-pdf/2020/8/083C01/33653179/ptaa104.pdf},
}


@article{electric_dipole_neutron_2020,
title = {Measurement of the Permanent Electric Dipole Moment of the Neutron},
author = {Abel, C. and Afach, S. and Ayres, N. J. and Baker, C. A. and Ban, G. and Bison, G. and Bodek, K. and Bondar, V. and Burghoff, M. and Chanel, E. and Chowdhuri, Z. and Chiu, P.-J. and Clement, B. and Crawford, C. B. and Daum, M. and Emmenegger, S. and Ferraris-Bouchez, L. and Fertl, M. and Flaux, P. and Franke, B. and Fratangelo, A. and Geltenbort, P. and Green, K. and Griffith, W. C. and van der Grinten, M. and Gruji\ifmmode \acute{c}\else \'{c}\fi{}, Z. D. and Harris, P. G. and Hayen, L. and Heil, W. and Henneck, R. and H\'elaine, V. and Hild, N. and Hodge, Z. and Horras, M. and Iaydjiev, P. and Ivanov, S. N. and Kasprzak, M. and Kermaidic, Y. and Kirch, K. and Knecht, A. and Knowles, P. and Koch, H.-C. and Koss, P. A. and Komposch, S. and Kozela, A. and Kraft, A. and Krempel, J. and Ku\ifmmode \acute{z}\else \'{z}\fi{}niak, M. and Lauss, B. and Lefort, T. and Lemi\`ere, Y. and Leredde, A. and Mohanmurthy, P. and Mtchedlishvili, A. and Musgrave, M. and Naviliat-Cuncic, O. and Pais, D. and Piegsa, F. M. and Pierre, E. and Pignol, G. and Plonka-Spehr, C. and Prashanth, P. N. and Qu\'em\'ener, G. and Rawlik, M. and Rebreyend, D. and Rien\"acker, I. and Ries, D. and Roccia, S. and Rogel, G. and Rozpedzik, D. and Schnabel, A. and Schmidt-Wellenburg, P. and Severijns, N. and Shiers, D. and Tavakoli Dinani, R. and Thorne, J. A. and Virot, R. and Voigt, J. and Weis, A. and Wursten, E. and Wyszynski, G. and Zejma, J. and Zenner, J. and Zsigmond, G.},
journal = {Phys. Rev. Lett.},
volume = {124},
issue = {8},
pages = {081803},
numpages = {7},
year = {2020},
month = {Feb},
publisher = {American Physical Society},
doi = {10.1103/PhysRevLett.124.081803},
url = {https://link.aps.org/doi/10.1103/PhysRevLett.124.081803}
}

@book{Weinberg-1995,
 title =     {The quantum theory of fields, vol. 1 Foundations},
 author =    {Weinberg S.},
 publisher = {CUP},
 isbn =      {0521550017},
 year =      {1995},
 series =    {},
 edition =   {},
 volume =    {},
 url =       {http://gen.lib.rus.ec/book/index.php?md5=0A293C581F550F1355B6B45D32E11471}}

@article{Witten_1989,
title={Quantum field theory and the Jones polynomial},
author={Witten, Edward},
journal={Communications in Mathematical Physics},
volume={121},
number={3},
pages={351--399},
year={1989},
publisher={Springer}
}

@misc{lectures-on-scpp,
  title={TASI Lectures on The Strong CP Problem},
  author={Michael Dine},
  year={2000},
  eprint={hep-ph/0011376},
  archivePrefix={arXiv},
  primaryClass={hep-ph}
}

@article{Weinberg_2004-history,
title={The Making of the standard model},
author={Weinberg, Steven},
journal={The European Physical Journal C-Particles and Fields},
volume={34},
number={1},
pages={5--13},
year={2004},
publisher={Springer},
url={https://doi.org/10.1140/epjc/s2004-01761-1}
}
@misc{Tong_lecture_notes,
author = "Tong, David",
title  = "{Cambridge, Department of Applied Mathematics and Theoretical Physics, Lecture Notes: Gauge Theory}",
note   = "URL: {\footnotesize\url{http://www.damtp.cam.ac.uk/user/tong/gaugetheory.html}}. (Last visited on 2020-05-24)",
year   = 2018,
}

@article{Cadamuro_2011,
title={Cosmological bounds on sub-MeV mass axions},
volume={2011},
ISSN={1475-7516},
url={http://dx.doi.org/10.1088/1475-7516/2011/02/003},
DOI={10.1088/1475-7516/2011/02/003},
number={02},
journal={Journal of Cosmology and Astroparticle Physics},
publisher={IOP Publishing},
author={Cadamuro, Davide and Hannestad, Steen and Raffelt, Georg and Redondo, Javier},
year={2011},
month={Feb},
pages={003–003}
}


% INSTANTONS
 
@misc{lectures-on-instantons,
    title={Lectures on instantons},
    author={Stefan Vandoren and Peter van Nieuwenhuizen},
    year={2008},
    eprint={0802.1862},
    archivePrefix={arXiv},
    primaryClass={hep-th}
}
@article{instantons-whats-happening,
  title={QCD vacuum and axions: What's happening?},
  author={Gabadadze, Gregory and Shifman, M},
  journal={International Journal of Modern Physics A},
  volume={17},
  number={26},
  pages={3689--3727},
  year={2002},
  publisher={World Scientific}
}

@article{ruling-out-massless-uquark_2015,
  title = {Instanton effects in three flavor QCD},
  author = {Dine, Michael and Draper, Patrick and Festuccia, Guido},
  journal = {Phys. Rev. D},
  volume = {92},
  issue = {5},
  pages = {054004},
  numpages = {9},
  year = {2015},
  month = {Sep},
  publisher = {American Physical Society},
  doi = {10.1103/PhysRevD.92.054004},
  url = {https://link.aps.org/doi/10.1103/PhysRevD.92.054004}
}

@misc{ruling-out-massless-uquark_2020,
    title={Ruling out the massless up-quark solution to the strong CP problem by computing the topological mass contribution with lattice QCD},
    author={Constantia Alexandrou and Jacob Finkenrath and Lena Funcke and Karl Jansen and Bartosz Kostrzewa and Ferenc Pittler and Carsten Urbach},
    year={2020},
    eprint={2002.07802},
    archivePrefix={arXiv},
    primaryClass={hep-lat}
}

@misc{aoki2016review,
    title={Review of lattice results concerning low-energy particle physics},
    author={S. Aoki and Y. Aoki and D. Becirevic and C. Bernard and T. Blum and G. Colangelo and M. Della Morte and P. Dimopoulos and S. Dürr and H. Fukaya and M. Golterman and Steven Gottlieb and S. Hashimoto and U. M. Heller and R. Horsley and A. Jüttner and T. Kaneko and L. Lellouch and H. Leutwyler and C. -J. D. Lin and V. Lubicz and E. Lunghi and R. Mawhinney and T. Onogi and C. Pena and C. T. Sachrajda and S. R. Sharpe and S. Simula and R. Sommer and A. Vladikas and U. Wenger and H. Wittig},
    year={2016},
    eprint={1607.00299},
    archivePrefix={arXiv},
    primaryClass={hep-lat}
}


@article{Dine_2018,
   title={Some remarks on anthropic approaches to the strong CP problem},
   volume={2018},
   ISSN={1029-8479},
   url={http://dx.doi.org/10.1007/JHEP05(2018)171},
   DOI={10.1007/jhep05(2018)171},
   number={5},
   journal={Journal of High Energy Physics},
   publisher={Springer Science and Business Media LLC},
   author={Dine, Michael and Haskins, Laurel Stephenson and Ubaldi, Lorenzo and Xu, Di},
   year={2018},
   month={May}
}

@article{Agrawal_2018,
   title={Factoring the strong CP problem},
   volume={2018},
   ISSN={1029-8479},
   url={http://dx.doi.org/10.1007/JHEP12(2018)029},
   DOI={10.1007/jhep12(2018)029},
   number={12},
   journal={Journal of High Energy Physics},
   publisher={Springer Science and Business Media LLC},
   author={Agrawal, Prateek and Howe, Kiel},
   year={2018},
   month={Dec}
}


%% PECCEI & QUINN


% original paper
@article{PecceiQuinn_1977,
title = {$\mathrm{CP}$ Conservation in the Presence of Pseudoparticles},
author = {Peccei, R. D. and Quinn, Helen R.},
journal = {Phys. Rev. Lett.},
volume = {38},
issue = {25},
pages = {1440--1443},
numpages = {0},
year = {1977},
month = {Jun},
publisher = {American Physical Society},
doi = {10.1103/PhysRevLett.38.1440},
url = {https://link.aps.org/doi/10.1103/PhysRevLett.38.1440}
}

% reader's digest
@article{Peccei_1996,
    title={QCD, Strong CP and Axions},
    author={R. D. Peccei},
    year={1996},
    eprint={hep-ph/9606475},
    archivePrefix={arXiv},
    primaryClass={hep-ph},
    url={https://arxiv.org/abs/hep-ph/9606475}
}




@article{mitsou2013differential,
    title={Differential form description of the Noether-Lagrange machinery, vielbein/gauge-field analogies and energy-momentum complexes},
    author={Ermis Mitsou},
    year={2013},
    eprint={1309.2572},
    archivePrefix={arXiv},
    primaryClass={gr-qc},
    url={http://arxiv.org/abs/1309.2572v3}
}

@misc{Gripaios_BSM_2015,
    title={Lectures on Physics Beyond the Standard Model},
    author={Ben Gripaios},
    year={2015},
    eprint={1503.02636},
    archivePrefix={arXiv},
    primaryClass={hep-ph}
}

@article{Duffy_2009,
  doi = {10.1088/1367-2630/11/10/105008},
  url = {https://doi.org/10.1088%2F1367-2630%2F11%2F10%2F105008},
  year = 2009,
  month = {oct},
  publisher = {{IOP} Publishing},
  volume = {11},
  number = {10},
  pages = {105008},
  author = {Leanne D Duffy and Karl van Bibber},
  title = {Axions as dark matter particles},
  journal = {New Journal of Physics},
  abstract = {We overview the current status of axions as dark matter. The axion is the pseudo-Nambu–Goldstone boson which arises from the Peccei–Quinn solution to the strong CP problem. Additionally, cold axion populations that can contribute to the dark matter of the universe will be generated via this mechanism. After reviewing these topics, we focus on constraints from the laboratory, astrophysics and cosmology. We discuss the current status of experimental searches and the consequences of the distribution of dark matter axions in the galactic halo for these searches. The axion remains an excellent candidate for the dark matter and future experiments, particularly the Axion Dark Matter eXperiment (ADMX), will cover a large fraction of the axion parameter space.}
}

% PQWW axions refuted by beam-dump
@article{riordan1987search,
  title={Search for short-lived axions in an electron-beam-dump experiment},
  author={Riordan, EM and Krasny, MW and Lang, K and De Barbaro, P and Bodek, Arie and Dasu, S and Varelas, N and Wang, X and Arnold, R and Benton, D and others},
  journal={Physical Review Letters},
  volume={59},
  number={7},
  pages={755},
  year={1987},
  publisher={APS}
}

% history of QCD
@article {Gross_2005,
        author = {Gross, David J.},
        title = {The discovery of asymptotic freedom and the emergence of QCD},
        volume = {102},
        number = {26},
        pages = {9099--9108},
        year = {2005},
        doi = {10.1073/pnas.0503831102},
        publisher = {National Academy of Sciences},
        issn = {0027-8424},
        URL = {https://www.pnas.org/content/102/26/9099},
        eprint = {https://www.pnas.org/content/102/26/9099.full.pdf},
        journal = {Proceedings of the National Academy of Sciences}
}


@article{first_instantons_1975,
  title={Pseudoparticle solutions of the Yang-Mills equations},
  author={Belavin, Alexander A and Polyakov, Alexander M and Schwartz, Albert S and Tyupkin, Yu S},
  journal={Physics Letters B},
  volume={59},
  number={1},
  pages={85--87},
  year={1975},
  publisher={Elsevier}
}

@article{first-LSW-experiment,
  title = {Search for nearly massless, weakly coupled particles by optical techniques},
  author = {Cameron, R. and Cantatore, G. and Melissinos, A. C. and Ruoso, G. and Semertzidis, Y. and Halama, H. J. and Lazarus, D. M. and Prodell, A. G. and Nezrick, F. and Rizzo, C. and Zavattini, E.},
  journal = {Phys. Rev. D},
  volume = {47},
  issue = {9},
  pages = {3707--3725},
  numpages = {0},
  year = {1993},
  month = {May},
  publisher = {American Physical Society},
  doi = {10.1103/PhysRevD.47.3707},
  url = {https://link.aps.org/doi/10.1103/PhysRevD.47.3707}
}


@article{best-LSW-experiment,
   title={New exclusion limits on scalar and pseudoscalar axionlike particles from light shining through a wall},
   volume={92},
   ISSN={1550-2368},
   url={http://dx.doi.org/10.1103/PhysRevD.92.092002},
   DOI={10.1103/physrevd.92.092002},
   number={9},
   journal={Physical Review D},
   publisher={American Physical Society (APS)},
   author={Ballou, R. and Deferne, G. and Finger, M. and Finger, M. and Flekova, L. and Hosek, J. and Kunc, S. and Macuchova, K. and Meissner, K. A. and Pugnat, P. and et al.},
   year={2015},
   month={Nov}
}

@article{axion_dichromism,
  title={Limits on the production of light scalar and pseudoscalar particles},
  author={Semertzidis, Y and Cameron, R and Cantatore, GIOVANNI and Melissinos, AC and Rogers, J and Halama, H and Prodell, A and Nezrick, F and Rizzo, C and Zavattini, E},
  journal={Physical Review Letters},
  volume={64},
  number={25},
  pages={2988},
  year={1990},
  publisher={APS}
}

@article{birefringence_false_positive_2008,
   title={New PVLAS results and limits on magnetically induced optical rotation and ellipticity in vacuum},
   volume={77},
   ISSN={1550-2368},
   url={http://dx.doi.org/10.1103/PhysRevD.77.032006},
   DOI={10.1103/physrevd.77.032006},
   number={3},
   journal={Physical Review D},
   publisher={American Physical Society (APS)},
   author={Zavattini, E. and Zavattini, G. and Ruoso, G. and Raiteri, G. and Polacco, E. and Milotti, E. and Lozza, V. and Karuza, M. and Gastaldi, U. and Di Domenico, G. and et al.},
   year={2008},
   month={Feb}
}

@article{solar-axion-flux_2007,
   title={An improved limit on the axion–photon coupling from the CAST experiment},
   volume={2007},
   ISSN={1475-7516},
   url={http://dx.doi.org/10.1088/1475-7516/2007/04/010},
   DOI={10.1088/1475-7516/2007/04/010},
   number={04},
   journal={Journal of Cosmology and Astroparticle Physics},
   publisher={IOP Publishing},
   author={Andriamonje, S and Aune, S and Autiero, D and Barth, K and Belov, A and Beltrán, B and Bräuninger, H and Carmona, J M and Cebrián, S and Collar, J I and et al.},
   year={2007},
   month={Apr},
   pages={010–010}
}


@article{Tokyo-axion-helioscope_2008,
   title={Search for solar axions with mass around 1 eV using coherent conversion of axions into photons},
   volume={668},
   ISSN={0370-2693},
   url={http://dx.doi.org/10.1016/j.physletb.2008.08.020},
   DOI={10.1016/j.physletb.2008.08.020},
   number={2},
   journal={Physics Letters B},
   publisher={Elsevier BV},
   author={Inoue, Y. and Akimoto, Y. and Ohta, R. and Mizumoto, T. and Yamamoto, A. and Minowa, M.},
   year={2008},
   month={Oct},
   pages={93–97}
}

@article{CAST-helioscope_2017,
   title={New CAST limit on the axion–photon interaction},
   volume={13},
   ISSN={1745-2481},
   url={http://dx.doi.org/10.1038/nphys4109},
   DOI={10.1038/nphys4109},
   number={6},
   journal={Nature Physics},
   publisher={Springer Science and Business Media LLC},
   year={2017},
   month={May},
   pages={584–590}
}

@misc{further-lab-experiments_2017,
      title={Progress on the ARIADNE axion experiment}, 
      author={A. A. Geraci and H. Fosbinder-Elkins and C. Lohmeyer and J. Dargert and M. Cunningham and M. Harkness and E. Levenson-Falk and S. Mumford and A. Kapitulnik and A. Arvanitaki and I. Lee and E. Smith and E. Wiesman and J. Shortino and J. C. Long and W. M. Snow and C. -Y. Liu and Y. Shin and Y. Semertzidis and Y. -H. Lee},
      year={2017},
      eprint={1710.05413},
      archivePrefix={arXiv},
      primaryClass={astro-ph.IM}
}

@inproceedings{Stellar-evolution-constraints_2015,
    author = "Straniero, Oscar and Ayala, Adrian and Giannotti, Maurizio and Mirizzi, Alessandro and Dominguez, Inma",
    title = "{Axion-Photon Coupling: Astrophysical Constraints}",
    booktitle = "{11th Patras Workshop on Axions, WIMPs and WISPs}",
    doi = "10.3204/DESY-PROC-2015-02/straniero_oscar",
    pages = "77--81",
    year = "2015"
}

@article{Stellar-evolution-constraints_2020,
   title={Constraints on the coupling with photons of heavy axion-like-particles from Globular Clusters},
   volume={809},
   ISSN={0370-2693},
   url={http://dx.doi.org/10.1016/j.physletb.2020.135709},
   DOI={10.1016/j.physletb.2020.135709},
   journal={Physics Letters B},
   publisher={Elsevier BV},
   author={Carenza, Pierluca and Straniero, Oscar and Döbrich, Babette and Giannotti, Maurizio and Lucente, Giuseppe and Mirizzi, Alessandro},
   year={2020},
   month={Oct},
   pages={135709}
}


@article{M5_CM_diagram,
author = {Arellano Ferro, Armando and Bramich, D. and Giridhar, Sunetra},
year = {2017},
month = {01},
pages = {},
title = {CCD Time-Series Photometry of variable stars in globular clusters and the metallicity dependence of the horizontal branch luminosity},
volume = {53},
journal = {Revista Mexicana de Astronomía y Astrofísica : Universidad Nacional Autónoma de México. Instituto de Astronomía}
}

@article{landscape_2020,
  title={The landscape of QCD axion models},
  author={Di Luzio, Luca and Giannotti, Maurizio and Nardi, Enrico and Visinelli, Luca},
  journal={arXiv preprint 2003.01100},
  url={https://arxiv.org/abs/2003.01100},
  year={2020}
}

@article{physics-thrives-on-crisis,
  title={The cosmological constant problem},
  author={Weinberg, Steven},
  journal={Reviews of modern physics},
  volume={61},
  number={1},
  pages={1},
  year={1989},
  url={https://doi.org/10.1103/RevModPhys.61.1},
  publisher={APS}
}

@InProceedings{AMDX-2020,
author="Du, N.",
editor="Carosi, Gianpaolo
and Rybka, Gray",
title="Recent Results with the ADMX Experiment",
booktitle="Microwave Cavities and Detectors for Axion Research",
year="2020",
publisher="Springer International Publishing",
address="Cham",
pages="17--22",
isbn="978-3-030-43761-9"
}

